<record><leader>00000cas a22000007a 4500</leader><controlfield tag="001">9248860</controlfield><controlfield tag="008">830223d18351838mauwr ne      0    0eng d</controlfield><datafield ind1=" " ind2=" " tag="010"><subfield code="a">sn 83020070 </subfield></datafield><datafield ind1=" " ind2=" " tag="040"><subfield code="a">NPX</subfield><subfield code="b">eng</subfield><subfield code="c">NPX</subfield><subfield code="d">MGN</subfield><subfield code="d">YOX</subfield><subfield code="d">NVF</subfield><subfield code="d">MGN</subfield><subfield code="d">OCL</subfield><subfield code="d">KRTAS</subfield><subfield code="d">OCLCQ</subfield><subfield code="d">OCLCF</subfield><subfield code="d">OCLCO</subfield></datafield><datafield ind1=" " ind2=" " tag="042"><subfield code="a">msc</subfield></datafield><datafield ind1=" " ind2=" " tag="043"><subfield code="a">n-us-ma</subfield></datafield><datafield ind1="0" ind2=" " tag="130"><subfield code="a">Barre gazette (Barre, Mass. : 1835)</subfield></datafield><datafield ind1="1" ind2="0" tag="245"><subfield code="a">Barre gazette.</subfield></datafield><datafield ind1=" " ind2=" " tag="260"><subfield code="a">Barre, Mass. :</subfield><subfield code="b">C.C.P. Thompson</subfield></datafield><datafield ind1=" " ind2=" " tag="300"><subfield code="a">v.</subfield></datafield><datafield ind1=" " ind2=" " tag="310"><subfield code="a">Weekly</subfield></datafield><datafield ind1="1" ind2=" " tag="362"><subfield code="a">Began in 1835; ceased in 1838.</subfield></datafield><datafield ind1=" " ind2=" " tag="530"><subfield code="a">Also issued on microfilm from Readex Microprint Corp.</subfield></datafield><datafield ind1=" " ind2=" " tag="588"><subfield code="a">Description based on: Vol. 2, no. 3 (June 5, 1835).</subfield></datafield><datafield ind1=" " ind2="0" tag="651"><subfield code="a">Barre (Mass.)</subfield><subfield code="v">Newspapers.</subfield></datafield><datafield ind1=" " ind2="7" tag="655"><subfield code="a">Newspapers.</subfield><subfield code="2">fast</subfield><subfield code="0">(OCoLC)fst01423814</subfield></datafield><datafield ind1=" " ind2="7" tag="651"><subfield code="a">Massachusetts</subfield><subfield code="z">Barre.</subfield><subfield code="2">fast</subfield><subfield code="0">(OCoLC)fst01211841</subfield></datafield><datafield ind1=" " ind2=" " tag="752"><subfield code="a">United States</subfield><subfield code="b">Massachusetts</subfield><subfield code="c">Worcester</subfield><subfield code="d">Barre.</subfield></datafield><datafield ind1="0" ind2="0" tag="780"><subfield code="t">Farmer's gazette (Barre, Mass.)</subfield><subfield code="w">(DLC)sn 83020069</subfield></datafield><datafield ind1="0" ind2="0" tag="785"><subfield code="t">Barre weekly gazette</subfield><subfield code="w">(DLC)sn 83020071</subfield></datafield><datafield ind1=" " ind2=" " tag="938"><subfield code="a">Kirtas Technologies, Inc.</subfield><subfield code="b">KRTS</subfield><subfield code="n">736191</subfield></datafield></record>